@book{钱宁1983,
  author    = {钱宁 and 万兆惠},
  title     = {泥沙运动力学},
  publisher = {北京：科学出版社},
  year      = {2005}
}

@article{唐洪武2007,
  author  = {唐洪武 and 闫静 and 吕升奇},
  title   = {河流管理中含植物水流问题研究进展},
  journal = {水科学进展},
  year    = {2007},
  volume  = {18},
  number  = {5},
  pages   = {785--792}
}

@article{kouwen1969,
  author  = {Kouwen, N and Unny, TE and Hill, H M},
  title   = {Flow retardance in vegetated channels},
  journal = {Journal of the Irrigation and Drainage Division},
  year    = {1969},
  volume  = {95},
  number  = {IR2},
  pages   = {329--342}
}

@article{Gourlay1970,
  author  = {Gourlay, M R},
  journal = {Journal of the Irrigation and Drainage Division},
  title   = {Discussion of Flow Resistance in vegetated channels by Kouwen etal},
  year    = {1970},
  volume  = {96},
  number  = {IR3},
  pages   = {351--357}
}